@PREAMBLE{
 "\providecommand{\noopsort}[1]{}" 
 # "\providecommand{\singleletter}[1]{#1}%" 
}

% Export references in the BibTeX format online:
@MISC{ARXIVEXAMPLE,
      title={Example of an arXiv reference}, 
      author={First Author and Second Author and Third Author},
      year={2022},
      eprint={2008.00000},
      archivePrefix={arXiv},
      primaryClass={cs.NE}
}




@article{Baldwin01091956,
author = {Roger R. Baldwin, Wilbert E. Cantey, Herbert Maisel and James P. McDermott},
title = {The Optimum Strategy in Blackjack},
journal = {Journal of the American Statistical Association},
volume = {51},
number = {275},
pages = {429--439},
year = {1956},
publisher = {ASA Website},
doi = {10.1080/01621459.1956.10501334},
}

@book{10.5555/3312046,
author = {Sutton, Richard S. and Barto, Andrew G.},
title = {Reinforcement Learning: An Introduction},
year = {2018},
isbn = {0262039249},
publisher = {A Bradford Book},
address = {Cambridge, MA, USA},
}